@article{Aly2017Dec,
  author    = {Aly, Ahmed and Jensen, Steen Solvang and Pedersen, Anders Branth},
  title     = {{Solar power potential of Tanzania: Identifying CSP and PV hot spots through a GIS multicriteria decision making analysis}},
  journal   = {Renewable Energy},
  volume    = {113},
  pages     = {159--175},
  year      = {2017},
  month     = dec,
  issn      = {0960-1481},
  publisher = {Pergamon},
  doi       = {10.1016/j.renene.2017.05.077}
}


@misc{iea,
  title   = {{Electricity final energy consumption in Tanzania by scenario, 2018-2040 {\textendash} Charts {\textendash} Data {\&} Statistics - IEA}},
  journal = {IEA},
  year    = {2023},
  month   = mar,
  note    = {[Online; accessed 15. Mar. 2023] , \url{https://www.iea.org/countries}},
  url     = {https://www.iea.org/countries}
}



@misc{oxfam,
  title   = {{solar power {$\vert$} Oxfam International}},
  journal = {Oxfam International},
  year    = {2023},
  month   = mar,
  note    = {[Online; accessed 15. Mar. 2023] , \url{https://www.oxfam.org/en/tags/solar-power}},
  url     = {https://www.oxfam.org/en/tags/solar-power}
}



@misc{S2,
  title   = {{Energy Resource Guide - Tanzania - Renewable Energy}},
  journal = {International Trade Administration {$\vert$} Trade},
  year    = {2023},
  month   = mar,
  note    = {[Online; accessed 15. Mar. 2023] , \url{https://www.trade.gov/energy-resource-guide-tanzania-renewable-energy}},
  url     = {https://www.trade.gov/energy-resource-guide-tanzania-renewable-energy}
}

@article{shannon1948communication,
  author  = {Claude E. Shannon},
  title   = {A Mathematical Theory of Communication},
  journal = {Bell System Technical Journal},
  year    = 1948,
  volume  = {27},
  number  = {3},
  pages   = {379-423}
}

@misc{solarfar,
  title = {{AFD to Finance the First Grid Connected Solar Photovoltaic Power Plant in Tanzania and the Modernization of Electricity Network}},
  year  = {2023},
  month = mar,
  note  = {[Online; accessed 15. Mar. 2023] , \url{https://www.afd.fr/en/actualites/communique-de-presse/tanzania-first-grid-connected-solar-photovoltaic-power-plant-and-modernization-electricity-network}},
  url   = {https://www.afd.fr/en/actualites/communique-de-presse/tanzania-first-grid-connected-solar-photovoltaic-power-plant-and-modernization-electricity-network}
}


@misc{worldBank,
  title   = {{Overview}},
  journal = {World Bank},
  year    = {2023},
  month   = mar,
  note    = {[Online; accessed 15. Mar. 2023] , \url{https://www.worldbank.org/en/country/tanzania/overview}},
  url     = {https://www.worldbank.org/en/country/tanzania/overview}
}shannon1948communication

@article{Cullmann2020Feb,
	author = {Cullmann, Valentina},
	title = {{German solar startup helps Sub-Saharan Africa leapfrog toward clean energy - 150sec}},
	journal = {150sec},
	year = {2020},
	month = feb,
	url = {https://150sec.com/german-solar-startup-sub-saharan-africa-clean-energy/13865},
  note = {[Online; accessed 15. Mar. 2023] , \url{https://150sec.com/german-solar-startup-sub-saharan-africa-clean-energy/13865}}
}